@book{mtheory,
   author = "Joel N. Franklin",
   publisher = "Dover Books on Mathematics",
   title = "Matrix Theory",
   year = "1968",
   keywords  = "matrix,weyl"
}

@incollection{6210lec29,
author = {David Bindel},
title = {Rayleigh Quotients and Minimax},
booktitle = {Lecture Notes for Matrix Computations},
year = {2012},
url = {http://www.cs.cornell.edu/~bindel/class/cs6210-f12/notes/lec29.pdf}
}

@book{mcomp,
author = {Charles F. Van Loan and Gene H. Golub},
title = {Matrix Computations},
year = {2013},
edition = {4}
}

@incollection{eth,
author = {Peter Arbenz},
title = {Arnoldi and Lanczos algorithms},
booktitle = {Lecture Notes for Numerical Methods for Solving Large Scale Eigenvalue Problems},
year = {2012},
url = {http://people.inf.ethz.ch/arbenz/ewp/Lnotes/chapter9.pdf}
}

@book{DUR,
  title={Random graph dynamics},
  author={Durrett, Rick},
  volume={20},
  year={2007},
  publisher={Cambridge university press}
}

@incollection{CLASS,
author = {Albert-Laszlo Barabasi},
title = {Scale-Free Property},
booktitle = {Network Science},
year = {2012},
url = {http://barabasilab.neu.edu/courses/phys5116/content/Class4_NetSci_2012/04_CLASS_2012_Scale-Free_Property.pdf}
}

@online{ocwasm,
author = {OW2 Consortium},
title = {ASM - Home Page},
year = {2014},
url = {http://asm.ow2.org/}
}
