@book{mtheory,
   author = "Joel N. Franklin",
   publisher = "Dover Books on Mathematics",
   title = "Matrix Theory",
   year = "1968",
   keywords  = "matrix,weyl"
}

@incollection{6210lec29,
author = {David Bindel},
title = {Rayleigh Quotients and Minimax},
booktitle = {Lecture Notes for Matrix Computations},
year = {2012},
url = {http://www.cs.cornell.edu/~bindel/class/cs6210-f12/notes/lec29.pdf}
}

@book{mcomp,
author = {Charles F. Van Loan and Gene H. Golub},
title = {Matrix Computations},
year = {2013},
edition = {4}
}

@incollection{eth,
author = {Peter Arbenz},
title = {Arnoldi and Lanczos algorithms},
booktitle = {Lecture Notes for Numerical Methods for Solving Large Scale Eigenvalue Problems},
year = {2012},
url = {http://people.inf.ethz.ch/arbenz/ewp/Lnotes/chapter9.pdf}
}

@book{DUR,
  title={Random graph dynamics},
  author={Durrett, Rick},
  volume={20},
  year={2007},
  publisher={Cambridge university press}
}

@incollection{CLASS,
author = {Albert-Laszlo Barabasi},
title = {Scale-Free Property},
booktitle = {Network Science},
year = {2012},
url = {http://barabasilab.neu.edu/courses/phys5116/content/Class4_NetSci_2012/04_CLASS_2012_Scale-Free_Property.pdf}
}

@online{ocwasm,
author = {OW2 Consortium},
title = {ASM - Home Page},
year = {2014},
url = {http://asm.ow2.org/}
}

@article{BENCH,
year={2002},
issn={0025-5610},
journal={Mathematical Programming},
volume={91},
number={2},
doi={10.1007/s101070100263},
title={Benchmarking optimization software with performance profiles},
url={http://dx.doi.org/10.1007/s101070100263},
publisher={Springer-Verlag},
keywords={Key words: benchmarking – guidelines – performance – software – testing – metric – timing},
author={Dolan, Elizabeth D. and Moré, Jorge J.},
pages={201-213},
language={English}
}

@Misc{ANTLR,
  author = {Terence Parr},
  title = {ANTLR},
  howpublished = {\url{http://www.antlr.org}},
  year = {1989--2014}
}

@Misc{Guava,
  author = {Google},
  title = {Guava},
  howpublished = {\url{https://code.google.com/p/guava-libraries/}},
  year = {2007--2014}
}

@Misc{JUnit,
  author={Kent Beck, Erich Gamma},
  title={JUnit},
  howpublished={\url{http://www.junit.org}}
}

@Misc{Logisim,
  author={Carl Burch},
  title={Logisim},
  howpublished={\url{http://ozark.hendrix.edu/~burch/logisim/}},
  year={2001--2014}
}

@Misc{MARS,
  author={Ken Vollmar},
  title={MARS},
  howpublished={\url{http://courses.missouristate.edu/KenVollmar/MARS/index.htm}}
}

@Misc{WebMagic,
  author={Yihua Huang},
  title={WebMagic},
  howpublished={\url{http://webmagic.io/docs/en/}}
}

@Misc{Xstream,
  author={The Codehaus},
  title={Xstream},
  howpublished={\url{http://xstream.codehaus.org/}}
}

@online{nisis,
  author = {Hauff, Nurnberger},
  title = {On the Use of Scale-Free Networks for Information Network Modeling},
  year = {},
  url = {http://www.nisis.risk-technologies.com/msc/papers/B1a_P_Nurnberger-Hauff.pdf}
}

@MISC{Frederiksen02automaticruntime,
  author = {Carl Christian Frederiksen},
  title = {Automatic Runtime Analysis for First Order Functional Programs},
  year = {2002}
}

@MISC{Jones_aflow,
  author = {Neil D. Jones and Lars Kristiansen},
  title = {A Flow Calculus of mwp-Bounds for Complexity Analysis},
  year = {}
}
